
@misc{hamann_exploiting_2020,
	title = {Exploiting {Python} pickles},
	url = {https://davidhamann.de/2020/04/05/exploiting-python-pickle/},
	abstract = {How unpickling untrusted data can lead to remote code execution.},
	language = {en},
	urldate = {2024-10-25},
	journal = {David Hamann},
	author = {Hamann, David},
	month = apr,
	year = {2020},
	file = {Snapshot:/home/michal_atlas/Zotero/storage/ZQJ9592A/exploiting-python-pickle.html:text/html},
}

@article{lf_imx_2024,
	title = {i.{MX} {Machine} {Learning} {User}'s {Guide}},
	abstract = {The NXP eIQ Machine Learning Software Development Environment (hereinafter referred to as "NXP eIQ") provides a set of libraries and development tools for machine learning applications targeting NXP microcontrollers and applications processors.},
	language = {en},
	author = {Lf, Rev},
	year = {2024},
	file = {PDF:/home/michal_atlas/Zotero/storage/HW4BIH4Y/Lf - 2024 - i.MX Machine Learning User's Guide.pdf:application/pdf},
}

@misc{noauthor_openvx_2011,
	title = {{OpenVX} - {Portable}, {Power}-efficient {Vision} {Processing}},
	url = {https://www.khronos.org/openvx/},
	abstract = {OpenVXâ„¢ is an open, royalty-free standard for cross platform acceleration of computer vision applications. OpenVX enables performance and power-optimized computer vision processing, especially important in embedded and real-time use cases such as face, body and gesture tracking, smart video surveillance, advanced driver assistance systems (ADAS), object and scene reconstruction, augmented reality, visual inspection, robotics and more.},
	language = {en},
	urldate = {2024-10-25},
	journal = {The Khronos Group},
	month = dec,
	year = {2011},
	note = {Section: API},
	file = {Snapshot:/home/michal_atlas/Zotero/storage/WBWGQQ4U/openvx.html:text/html},
}

@misc{noauthor_nxp-imxtflite-vx-delegate-imx_nodate,
	title = {nxp-imx/tflite-vx-delegate-imx at lf-6.6.23\_2.0.0},
	url = {https://github.com/nxp-imx/tflite-vx-delegate-imx/tree/lf-6.6.23_2.0.0},
	urldate = {2024-10-25},
	file = {nxp-imx/tflite-vx-delegate-imx at lf-6.6.23_2.0.0:/home/michal_atlas/Zotero/storage/QZNS256R/lf-6.6.23_2.0.html:text/html},
}

@misc{noauthor_khronosgroupopenvx-sample-impl_2024,
	title = {{KhronosGroup}/{OpenVX}-sample-impl},
	copyright = {Apache-2.0},
	url = {https://github.com/KhronosGroup/OpenVX-sample-impl},
	abstract = {OpenVX sample implementation},
	urldate = {2024-10-25},
	publisher = {The Khronos Group},
	month = oct,
	year = {2024},
	note = {original-date: 2018-11-16T01:33:06Z},
}
